/Users/evan/Karen/latex/merged_references.bib